% Encoding: UTF-8

@Misc{zymo2020,
  author       = {zymo research},
  title        = {What is {Epigenetics} {\textbar} {ZYMO} {RESEARCH}},
  howpublished = "\url{https://www.zymoresearch.de/pages/what-is-epigenetics}",
  year         = {2020},
  note         = {Online; accessed 19-10-2020},
  abstract     = {“Epigenetics” refers to covalent modification of DNA, protein, or RNA, resulting in changes to the function and/or regulation of these molecules, without altering their primary sequences.},
  file         = {Snapshot:D\:\\owncloud\\Promotion\\Zotero\\storage\\7QCMC8A8\\what-is-epigenetics.html:text/html},
  journal      = {Zymo Research Europe},
  urldate      = {2020-10-22},
}

@Comment{jabref-meta: databaseType:bibtex;}
